@misc{inep,
    title= {Censo da Educação Superior 2023: notas estatísticas},
    author = {BRASIL},
    publisher = {Instituto Nacional de Estudos e Pesquisas Educacionais Anísio Teixeira (INEP)},
    year = {2024},
    location = {Brasília, DF}
}

@article{smartcontracts,
    author = {Lucas M. Palma and Martín A. G. Vigil and Fernando L. Pereira and Jean E. Martina},
    title = {Blockchain and Smart Contracts for Higher Education Registry in Brazil},
    journal = {International Journal of Network Management},
    volume = {29},
    year = {2019},
    doi = {https://doi.org/10.1002/nem.2061}
}

@article{fraudIA,
    author = {Fernanda O. Gomes and Bruno M. Agostinho and Jean E. Martina},
    title = {Fraud Prevention Within the Brazilian Governmental Public-Key Infrastructure},
    journal = {2020 IEEE International Conference on Intelligence and Security Informatics (ISI)},
    year = {2020},
    doi = {10.1109/ISI49825.2020.9280480}
}

@misc{mec,
    author = {MEC},
    publisher  = {Ministério da Educação do Brasil},
    title = {Portaria MEC/DAU n 33 de 2 de agosto de 1978},
    subtitle = {Estabelece a sistemática para o registro de diplomas de curso superior},
    year = {1978},
    location = {Brasília, DF}
}

@online{noticiadiploma,
    author = {Pâmela Dias and Arthur Leal},
    title = {Sites vendem diploma de curso superior para quem sequer pisou em sala de aula: 'Documentação 100\% original, emitida de dentro da universidade', diz atendente},
    publisher = {O Globo},
    year = {2022},
    url = {https://oglobo.globo.com/brasil/noticia/2022/11/sites-vendem-diploma-de-curso-superior-para-pessoas-que-nao-concluiram-ou-sequer-pisaram-em-uma-universidade.ghtml},
    urldate = {2025-04-05}
}

@online{noticiadiploma2,
    author = {Fantástico},
    title = {Quatro pessoas são presas pela venda de 50 mil diplomas falsos e milhares carteirinhas de estudante},
    publisher = {G1},
    year = {2025},
    url = {https://oglobo.globo.com/brasil/noticia/2022/11/sites-vendem-diploma-de-curso-superior-para-pessoas-que-nao-concluiram-ou-sequer-pisaram-em-uma-universidade.ghtml},
    urldate = {2025-04-05}
}

@online{jornada,
    author = {MEC},
    publisher  = {Ministério da Educação do Brasil},
    title = {Aplicativo do MEC ganha prêmio de reconhecimento nacional},
    url = {https://www.gov.br/mec/pt-br/assuntos/noticias/2022/aplicativo-do-mec-ganha-premio-de-reconhecimento-nacional},
    urldate = {2025-05-13},
    year = {2022}
}

@online{videojornada,
    author = {Rede RNP},
    publisher = {Youtube},
    title = {Blockchain da jornada acadêmica},
    year = {2023},
    url = {https://www.youtube.com/watch?v=xqezMbjCeTM},
    urldate = {2025-05-13},
}

@article{clusterfraudverification,
    author = {Mohammed, Shamsudeen and Nwobodo, Lois and Ekene, Njoku},
    title = {Certificate Fraud Verification Model Using Clustered-Based Classification Approach},
    journal = {Explorematics Journal of Innovative Engineering and Technology},
    volume = {5},
    number = {1},
    pages = {60--72},
    month = {06},
    year = {2024},
    issn = {2636-590},
}

@article{inkcnn,
    author = {Jaiswal, Garima and Sharma, Arun and Yadav, Sumit},
    year = {2022},
    month = {04},
    pages = {107770},
    title = {Deep feature extraction for document forgery detection with convolutional autoencoders},
    volume = {99},
    journal = {Computers \& Electrical Engineering},
    doi = {10.1016/j.compeleceng.2022.107770}
}

@article{unsupervisednetwork,
    author = {Alameri, Mohammed and Mahmood, Basim and Ciylan, Bünyamin and Amged, Alaa},
    year = {2023},
    month = {04},
    title = {Unsupervised Forgery Detection of Documents: A Network-Inspired Approach},
    volume = {12},
    journal = {Electronics},
    doi = {10.3390/electronics12071682}
}

@article{ocrgraph,
    author = {James, Hailey and Gupta, Otkrist and Raviv, Dan},
    year = {2020},
    month = {09},
    title = {OCR Graph Features for Manipulation Detection in Documents},
    doi = {10.48550/arXiv.2009.05158}
}

@article{blockchainforgery,
    author = {Kim, Seong-Kyu},
    year = {2022},
    month = {07},
    pages = {2112},
    title = {Blockchain Smart Contract to Prevent Forgery of Degree Certificates: Artificial Intelligence Consensus Algorithm},
    volume = {11},
    journal = {Electronics},
    doi = {10.3390/electronics11142112}
}

@article{hashdetection,
    author = {Boonkrong, Sirapat},
    year = {2024},
    month = {06},
    pages = {1-13},
    title = {Design of an academic document forgery detection system},
    journal = {International Journal of Information Technology},
    doi = {10.1007/s41870-024-02006-6}
}

@article{multimodal,
  author={Jain, Rajiv and Wigington, Curtis},
  journal={2019 International Conference on Document Analysis and Recognition (ICDAR)}, 
  title={Multimodal Document Image Classification}, 
  year={2019},
  pages={71-77},
  doi={10.1109/ICDAR.2019.00021}
}
