@Book{knuth:84,
  author = 	 {Donald E. Knuth},
  title = 	 {The {\TeX} Book},
  publisher = 	 {Addison-Wesley},
  year = 	 {1984},
  edition = 	 {15th}
}

@InCollection{boulic:91,
  author = 	 {R. Boulic and O. Renault},
  title = 	 {3D Hierarchies for Animation},
  booktitle = 	 {New Trends in Animation and Visualization},
  publisher =    {John Wiley {\&} Sons ltd.},
  year = 	 {1991},
  editor = 	 {Nadia Magnenat-Thalmann and Daniel Thalmann}
}

@InCollection{smith:99,
  author = 	 {A. Smith and B. Jones},
  title = 	 {On the Complexity of Computing},
  booktitle = 	 {Advances in Computer Science},
  pages = 	 {555--566},
  publisher =    {Publishing Press},
  year = 	 {1999},
  editor = 	 {A. B. Smith-Jones}
}

@misc{inep:2023,
  author = 	 {INEP},
  title = 	 {Censo da Educação Superior 2023: notas estatísticas},
  year = 	 {2024},
  address = 	 {Brasília, DF}
}

@article{palma:2019,
  author = 	 {Lucas M. Palma and Martín A. G. Vigil and Fernando L. Pereira and Jean E. Martina},
  title = 	 {Blockchain and Smart Contracts for Higher Education Registry in Brazil},
  journal = 	 {International Journal of Network Management},
  volume = 	 {29},
  year = 	 {2019},
  doi = 	 {10.1002/nem.2061}
}

@misc{mec:1978,
  author = 	 {MEC},
  title = 	 {Portaria MEC/DAU n 33 de 2 de agosto de 1978: Estabelece a sistemática para o registro de diplomas de curso superior},
  howpublished = {Ministério da Educação do Brasil},
  year = 	 {1978},
  address = 	 {Brasília, DF}
}

@misc{dias:2022,
  author = 	 {Pâmela Dias and Arthur Leal},
  title = 	 {Sites vendem diploma de curso superior para quem sequer pisou em sala de aula: 'Documentação 100\% original, emitida de dentro da universidade', diz atendente},
  howpublished = {O Globo},
  year = 	 {2022},
  note = 	 {Disponível em: \textit{https://oglobo.globo.com/brasil/noticia/2022/11/sites-vendem-diploma-de-curso-superior-para-pessoas-que-nao-concluiram-ou-sequer-pisaram-em-uma-universidade.ghtml}. Acesso em: 05 abr. 2025}
}

@misc{rnp:2023,
  author = 	 {RNP},
  title = 	 {Blockchain da jornada acadêmica},
  howpublished = {Youtube},
  year = 	 {2023},
  note = 	 {Disponível em: \textit{https://www.youtube.com/watch?v=xqezMbjCeTM}. Acesso em: 13 mai. 2025}
}

@article{clusterfraudverification,
  author = 	 {Shamsudeen Mohammed and Lois Nwobodo and Njoku Ekene},
  title = 	 {Certificate Fraud Verification Model Using Clustered-Based Classification Approach},
  journal = 	 {Explorematics Journal of Innovative Engineering and Technology},
  volume = 	 {5},
  number = 	 {1},
  pages = 	 {60--72},
  month = 	 {June},
  year = 	 {2024},
  issn = 	 {2636-590X}
}

@article{inkcnn,
  author = 	 {Garima Jaiswal and Arun Sharma and Sumit Yadav},
  title = 	 {Deep feature extraction for document forgery detection with convolutional autoencoders},
  journal = 	 {Computers \& Electrical Engineering},
  volume = 	 {99},
  pages = 	 {107770},
  month = 	 {April},
  year = 	 {2022},
  doi = 	 {10.1016/j.compeleceng.2022.107770}
}

@article{ocrgraph,
  author = 	 {Hailey James and Otkrist Gupta and Dan Raviv},
  title = 	 {OCR Graph Features for Manipulation Detection in Documents},
  journal = 	 {arXiv preprint arXiv:2009.05158},
  month = 	 {September},
  year = 	 {2020},
  doi = 	 {10.48550/arXiv.2009.05158}
}

@article{blockchainforgery,
  author = 	 {Seong-Kyu Kim},
  title = 	 {Blockchain Smart Contract to Prevent Forgery of Degree Certificates: Artificial Intelligence Consensus Algorithm},
  journal = 	 {Electronics},
  volume = 	 {11},
  number = 	 {14},
  pages = 	 {2112},
  month = 	 {July},
  year = 	 {2022},
  doi = 	 {10.3390/electronics11142112}
}

@article{hashdetection,
  author = 	 {Sirapat Boonkrong},
  title = 	 {Design of an academic document forgery detection system},
  journal = 	 {International Journal of Information Technology},
  pages = 	 {1--13},
  month = 	 {June},
  year = 	 {2024},
  doi = 	 {10.1007/s41870-024-02006-6}
}

@inproceedings{multimodal,
  author = 	 {Rajiv Jain and Curtis Wigington},
  title = 	 {Multimodal Document Image Classification},
  booktitle = 	 {2019 International Conference on Document Analysis and Recognition (ICDAR)},
  pages = 	 {71--77},
  year = 	 {2019},
  doi = 	 {10.1109/ICDAR.2019.00021}
}